@article{Alwall:2014hca,
      author         = "Alwall, J. and Frederix, R. and Frixione, S. and Hirschi,
                        V. and Maltoni, F. and Mattelaer, O. and Shao, H. -S. and
                        Stelzer, T. and Torrielli, P. and Zaro, M.",
      title          = "{The automated computation of tree-level and
                        next-to-leading order differential cross sections, and
                        their matching to parton shower simulations}",
      journal        = "JHEP",
      volume         = "07",
      year           = "2014",
      pages          = "079",
      doi            = "10.1007/JHEP07(2014)079",
      eprint         = "1405.0301",
      archivePrefix  = "arXiv",
      primaryClass   = "hep-ph",
      reportNumber   = "CERN-PH-TH-2014-064, CP3-14-18, LPN14-066, MCNET-14-09,
                        ZU-TH-14-14",
      SLACcitation   = "%%CITATION = ARXIV:1405.0301;%%"
}

@article{de_Favereau_2014,
   title={DELPHES 3: a modular framework for fast simulation of a generic collider experiment},
   volume={2014},
   ISSN={1029-8479},
   url={http://dx.doi.org/10.1007/JHEP02(2014)057},
   DOI={10.1007/jhep02(2014)057},
   number={2},
   journal={Journal of High Energy Physics},
   publisher={Springer Science and Business Media LLC},
   author={de Favereau, J. and Delaere, C. and Demin, P. and Giammanco, A. and Lemaître, V. and Mertens, A. and Selvaggi, M.},
   year={2014},
   month={Feb}
}

@article{xgboost,
  author    = {Tianqi Chen and
               Carlos Guestrin},
  title     = {XGBoost: {A} Scalable Tree Boosting System},
  journal   = {CoRR},
  volume    = {abs/1603.02754},
  year      = {2016},
  url       = {http://arxiv.org/abs/1603.02754},
  archivePrefix = {arXiv},
  eprint    = {1603.02754},
  timestamp = {Mon, 13 Aug 2018 16:47:00 +0200},
  biburl    = {https://dblp.org/rec/journals/corr/ChenG16.bib},
  bibsource = {dblp computer science bibliography, https://dblp.org}
}

@misc{chollet2015keras,
  author = {Chollet, François},
  title = {Keras},
  year = {2015},
  publisher = {GitHub},
  journal = {GitHub repository},
  howpublished = {\url{https://github.com/fchollet/keras}}
}

@article{tensorflow,
  author    = {M. Abadi et al.},
  title     = {TensorFlow: Large-Scale Machine Learning on Heterogeneous Distributed
               Systems},
  journal   = {CoRR},
  volume    = {abs/1603.04467},
  year      = {2016},
  url       = {http://arxiv.org/abs/1603.04467},
  archivePrefix = {arXiv},
  eprint    = {1603.04467},
  timestamp = {Mon, 13 Aug 2018 16:47:09 +0200},
  biburl    = {https://dblp.org/rec/journals/corr/AbadiABBCCCDDDG16.bib},
  bibsource = {dblp computer science bibliography, https://dblp.org}
}